%% This BibTeX bibliography file was created using BibDesk.
%% http://bibdesk.sourceforge.net/

%% Created for Marek Folt√Ωn at 2016-04-14 15:42:09 +0200 


%% Saved with string encoding Unicode (UTF-8) 



@mastersthesis{rylich,
	Author = {Jan Rylich},
	Date-Added = {2016-04-14 13:37:52 +0000},
	Date-Modified = {2016-04-14 13:38:42 +0000},
	School = {Univerzita Karlova v Praze, Filozofick{\'a} fakulta, {\'U}stav informa{\v c}n{\'\i}ch studi{\'\i} a knihovnictv{\'\i}, Studia nov{\'y}ch m{\'e}di{\'\i}.},
	Title = {Po{\v c}{\'\i}ta{\v c}ov{\'e} hry jako fenom{\'e}n nov{\'y}ch m{\'e}di{\'\i}},
	Year = {2011}}

@webpage{kupi,
	Author = {Plus 385 Ltd.},
	Date-Added = {2016-04-14 13:34:47 +0000},
	Date-Modified = {2016-04-14 13:41:23 +0000},
	Title = {New android smart phone watch - 24kupi pro edition},
	Url = {http://www.24kupi.com/24kupi-pro-edition-watch},
	Urldate = {2016-04-14}}

@book{general2010game,
  title={Game Controllers: Trackball, Joystick, Game Controller, Gravis Pc Gamepad, Wii Remote, Playstation 3 Accessories, Playstation Move},
  author={General Books LLC and Wikipedia, S. and Books, LLC},
  isbn={9781157450900},
  url={https://books.google.cz/books?id=tb2cSQAACAAJ},
  year={2010},
  publisher={General Books}
}